<record><leader>00000cas a2200000 a 4500</leader><controlfield tag="001">33835104</controlfield><controlfield tag="008">951201d19311941fluwr ne      0    0eng c</controlfield><datafield ind1=" " ind2=" " tag="010"><subfield code="a">sn 95047482 </subfield></datafield><datafield ind1=" " ind2=" " tag="040"><subfield code="a">FUG</subfield><subfield code="b">eng</subfield><subfield code="c">FUG</subfield><subfield code="d">OCLCQ</subfield><subfield code="d">OCLCF</subfield><subfield code="d">OCLCO</subfield></datafield><datafield ind1=" " ind2=" " tag="012"><subfield code="i">9512</subfield></datafield><datafield ind1="1" ind2=" " tag="029"><subfield code="a">AU@</subfield><subfield code="b">000025894694</subfield></datafield><datafield ind1=" " ind2=" " tag="042"><subfield code="a">pcc</subfield></datafield><datafield ind1=" " ind2=" " tag="043"><subfield code="a">n-us-fl</subfield></datafield><datafield ind1="0" ind2=" " tag="130"><subfield code="a">Leader-enterprise (Homestead, Fla.)</subfield></datafield><datafield ind1="1" ind2="4" tag="245"><subfield code="a">The leader-enterprise.</subfield></datafield><datafield ind1=" " ind2=" " tag="260"><subfield code="a">Homestead, Fla. :</subfield><subfield code="b">South Dade Pub. Co.,</subfield><subfield code="c">1931-1941.</subfield></datafield><datafield ind1=" " ind2=" " tag="300"><subfield code="a">11 v.</subfield></datafield><datafield ind1=" " ind2=" " tag="310"><subfield code="a">Weekly</subfield></datafield><datafield ind1="0" ind2=" " tag="362"><subfield code="a">Vol. 19, no. 45 (Nov. 6, 1931)-v. 29, no. 2 (Jan. 10, 1941) = v. 9, no. 21-</subfield></datafield><datafield ind1=" " ind2=" " tag="500"><subfield code="a">Ben Archer, editor.</subfield></datafield><datafield ind1=" " ind2="0" tag="651"><subfield code="a">Homestead (Fla.)</subfield><subfield code="v">Newspapers.</subfield></datafield><datafield ind1=" " ind2="0" tag="651"><subfield code="a">Miami-Dade County (Fla.)</subfield><subfield code="v">Newspapers.</subfield></datafield><datafield ind1=" " ind2="7" tag="655"><subfield code="a">Newspapers.</subfield><subfield code="2">fast</subfield><subfield code="0">(OCoLC)fst01423814</subfield></datafield><datafield ind1=" " ind2="7" tag="651"><subfield code="a">Florida</subfield><subfield code="z">Homestead.</subfield><subfield code="2">fast</subfield><subfield code="0">(OCoLC)fst01213153</subfield></datafield><datafield ind1=" " ind2="7" tag="651"><subfield code="a">Florida</subfield><subfield code="z">Miami-Dade County.</subfield><subfield code="2">fast</subfield><subfield code="0">(OCoLC)fst01287298</subfield></datafield><datafield ind1=" " ind2=" " tag="752"><subfield code="a">United States</subfield><subfield code="b">Florida</subfield><subfield code="c">Dade</subfield><subfield code="d">Homestead.</subfield></datafield><datafield ind1="0" ind2="4" tag="780"><subfield code="t">Homestead leader</subfield><subfield code="w">(DLC)sn 96027189</subfield><subfield code="w">(OCoLC)34296444</subfield></datafield><datafield ind1="0" ind2="4" tag="780"><subfield code="t">Homestead enterprise</subfield><subfield code="w">(DLC)sn 95047481</subfield><subfield code="w">(OCoLC)33835050</subfield></datafield><datafield ind1="0" ind2="0" tag="785"><subfield code="t">Homestead leader-enterprise</subfield><subfield code="w">(DLC)sn 91066456</subfield><subfield code="w">(OCoLC)23660507</subfield></datafield><datafield ind1=" " ind2=" " tag="850"><subfield code="a">FU</subfield></datafield></record>